%% This BibTeX bibliography file was created using BibDesk.
%% http://bibdesk.sourceforge.net/

%% Created for Laureen Schausberger at 2017-07-12 22:52:20 +0200 


%% Saved with string encoding Unicode (UTF-8) 


@comment{jabref-meta: databaseType:bibtex;}



@webpage{user-stories,
	Date-Added = {2017-07-12 20:52:06 +0000},
	Date-Modified = {2017-07-12 20:52:19 +0000},
	Lastchecked = {09.Juli 2017},
	Url = {https://www.quora.com/What-are-some-real-world-uses-of-Amazon-DynamoDB}}

@webpage{aws,
	Date-Added = {2017-07-12 20:51:37 +0000},
	Date-Modified = {2017-07-12 20:51:46 +0000},
	Lastchecked = {09.Juli 2017},
	Url = {https://aws.amazon.com/dynamodb/?nc1=f_ls}}

@webpage{techtarget,
	Date-Added = {2017-06-27 12:34:08 +0000},
	Date-Modified = {2017-06-27 12:34:39 +0000},
	Lastchecked = {27. June 2017},
	Url = {http://searchaws.techtarget.com/definition/Amazon-Dynamo-Database-DDB},
	Bdsk-Url-1 = {http://searchaws.techtarget.com/definition/Amazon-Dynamo-Database-DDB}}

@book{AmazonWebServices2013,
	Author = {AmazonWebServices},
	Publisher = {Amazon},
	Title = {Amazon DynamoDB Developer Guide},
	Year = {2013}}

@webpage{wwwdynamodblocal,
	Author = {Amazon},
	Howpublished = {http://docs.aws.amazon.com/amazondynamodb/latest/developerguide/DynamoDBLocal.html},
	Timestamp = {2017-06-28},
	Title = {Setting Up DynamoDB Local (Downloadable Version)},
	Url = {http://docs.aws.amazon.com/amazondynamodb/latest/developerguide/DynamoDBLocal.html},
	Urldate = {2017-06-28},
	Bdsk-Url-1 = {http://docs.aws.amazon.com/amazondynamodb/latest/developerguide/DynamoDBLocal.html}}

@webpage{wwwscalingdynamodb,
	Author = {Jono MacDougall},
	Howpublished = {https://syslog.ravelin.com/scaling-a-startup-using-dynamodb-4d97b0843350},
	Timestamp = {2017-06-28},
	Title = {Scaling a Startup Using DynamoDB},
	Url = {https://syslog.ravelin.com/scaling-a-startup-using-dynamodb-4d97b0843350},
	Urldate = {2017-06-28},
	Bdsk-Url-1 = {https://syslog.ravelin.com/scaling-a-startup-using-dynamodb-4d97b0843350}}
